@book{larsen2005introduction,
  title={An introduction to mathematical statistics},
  author={Larsen, Richard J and Marx, Morris L},
  year={2005},
  publisher={Prentice Hall Hoboken, NJ}
}

@article{weir2002estimating,
  title={Estimating F-statistics},
  author={Weir, Bruce S and Hill, William G},
  journal={Annual review of genetics},
  volume={36},
  number={1},
  pages={721--750},
  year={2002},
  publisher={Annual Reviews 4139 El Camino Way, PO Box 10139, Palo Alto, CA 94303-0139, USA}
}